2254 3832
232 119 321 223 Pno
364 153 448 221 Cn.
489 147 775 222 Pin'ucro.
851 168 938 238 '2379

50 262 118 310 men
130 249 158 311 id
171 249 258 328 ipsum
279 250 374 311 salsum
387 251 545 326 reperiatur.
568 247 796 326 Emislus'a'liquis
810 247 933 310 dearce-

48 344 97 396 re,
116 327 272 406 &quidem
294 325 403 388 emissus
417 342 481 403 tper
500 327 731 404 inprudentiam,
758 325 868 386 emissus
888 329 952 402 (utt
969 323 1090 395 Mtte·

50 404 218 481 vcognuitis)
246 403 387 464 necessarii
414 405 537 464 hominis
563 405 721 481 optimique
749 383 1090 500 adolescentu'wlldffls‘ss

48 492 161 556 rogatu:
184 481 297 542 aarum
317 481 409 558 possea
430 481 623 557 praemandatis
643 479 795 558 requisitus.
832 482 928 562 Atque
940 455 1012 502 ‘¹¹⁸⁶'
1050 467 1072 524 ⁰²

47 556 125 627 baec,
145 559 334 627 peculiaria,
352 557 737 638 suntconje'eiamalediciain
751 557 808 632 ejus
821 559 928 627 vitam,

46 632 355 710 decujusrospudore,
373 633 842 712 religione,integritatedubitc'tiu

88 711 164 770 xiii.
181 711 309 770 Parra
332 711 417 781 verb,
436 712 543 788 inquit,
561 713 645 771 etiam
659 709 751 770 obesle
763 709 822 770 filio
837 709 929 770 debet.

47 786 80 843 Ο
93 805 193 846 vocem
217 788 314 848 duram
334 801 362 848 at
383 805 419 846 ue
436 789 580 866 indiguam
600 799 647 848 tua
668 788 821 864 probitate,
842 789 929 848 Late·

44 864 142 922 rensrr!
162 865 244 924 Patet
257 867 323 924 utin
325 806 435 940 Judicio
443 865 554 942 capitie,
569 878 688 940 paterut
701 863 730 922 in
744 864 928 924 dimicatione

9 987 12 996 ,
43 931 238 1012 fortunarum,
250 941 450 1018 'paterutapud
462 941 529 1000 tales
542 941 618 1002 viros
629 938 722 1001 obesse
734 939 793 1000 filio
803 937 952 1040 ‘debeatiit
968 989 987 1040 fi
1004 991 1070 1045 mre.

44 1019 96 1103 qui
110 1017 129 1075 si
142 1015 207 1077 ciset
218 1018 401 1154 tuqiffimus,
421 1009 636 1078 xsordidissimus
652 1062 661 1089 ,
677 1031 774 1078 nmen
795 1017 853 1094 ipso
873 1037 924 1078 no
935 1058 1010 1106 om.
1028 1057 1041 1108 ὁ

45 1096 220 1170 manepatrio
232 1113 268 1155 ¹ra
278 1108 338 1154 eret
351 1093 425 1172 apud
439 1095 593 1154 clementes
600 1095 708 1172 judices
726 1096 757 1154 dt
771 1095 926 1156 misericor·
935 1123 989 1170 Ms,

44 1169 109 1228 des:
129 1173 247 1242 valeret,
266 1173 400 1252 inquam,
419 1175 568 1230 communi
580 1171 657 1232 sensu
669 1172 800 1232 omnium
821 1174 851 1232 ὁ(
866 1169 926 1233 dul-

1 1283 2 1288 κ
45 1247 149 1308 ciffinn
161 1251 411 1308 commendatione
424 1261 559 1308 inaturae.
593 1247 646 1308 Sed
660 1247 725 1307 ciam
739 1247 771 1308 fit
786 1247 925 1313 CnPlan·
936 1275 970 1334 32
1000 1295 1031 1319 ..

45 1329 107 1386 cius
120 1328 141 1386 is
148 1344 232 1405 eques
240 1327 401 1395 Romanus,
419 1341 452 1384 ea
462 1323 726 1402 primbmvetustate
738 1325 867 1404 equestris
880 1345 951 1404 or·y
969 1337 1061 1392 valeret

43 1403 133 1472 dinis,
152 1411 282 1480 utpater,
301 1415 421 1472 utavus,
442 1400 599 1478 utmajores
613 1402 670 1480 ejus
683 1419 800 1473 omnes,
819 1405 927 1482 equites
935 1399 991 1459 MS·
1033 1471 1037 1479 ,
1071 1463 1085 1474 ,

42 1481 293 1551 Romanifuetint,
311 1477 857 1555 summuminpraesecturaslorentifflma
884 1499 927 1541 ra-
961 1497 965 1504 ·

39 1557 114 1617 darm
126 1558 266 1617 tenuerint
280 1559 309 1618 &
324 1556 460 1634 dignitatis
479 1558 509 1616 &
520 1558 636 1632 gratiae:
669 1556 770 1616 deinde
783 1569 814 1616 ut
827 1497 883 1636 ἰριξ
895 1561 927 1621 in

39 1634 239 1711 legionibus-P.
253 1631 353 1705 Crassi,
372 1636 568 1710 imperatoris,
593 1635 666 1692 inter
677 1633 861 1693 ornatislimoa
874 1636 928 1696 ho·

40 1717 150 1781 mines,
171 1713 277 1788 equites
297 1713 461 1780 Romanos„
487 1709 598 1769 summo
612 1709 757 1786 splendore
776 1711 874 1771 fuerit:
893 1724 926 1774 ut

38 1787 136 1866 postea
143 1787 428 1865 princepsintersuos:
448 1785 628 1864 plurimarum
643 1803 734 1846 rerum
749 1786 925 1866 sanctissimus

37 1867 72 1944 dc
81 1865 344 1943 justiffimusjudex:
366 1866 552 1924 maximarum
563 1864 728 1940 societatum
737 1865 848 1926 auctor:
864 1864 927 1942 plu-

37 1943 173 2002 rimarum
187 1941 327 2019 magister:
349 1941 369 2000 li
383 1960 442 2001 non
454 1941 544 2000 modb
557 1943 587 2000 in
601 1959 638 2000 eo
651 1940 869 2020 nihilumquam
882 1961 927 2006 re·

37 2019 223 2096 prehensum,
242 2019 287 2079 sed
299 2019 408 2078 laudata
420 2018 481 2088 sunt
491 2019 607 2086 omnia,
625 2027 722 2079 tamen
735 2019 758 2077 is
770 2019 860 2078 oberit
872 2017 928 2079 bo·

40 2093 193 2170 nestiffimo
209 2095 368 2172 filiopatcr,
388 2094 587 2174 quiveltninus
601 2093 749 2155 honestum
764 2095 925 2162 &alienum

38 2174 113 2234 tuen
121 2173 167 2232 vel
174 2173 337 2232 ausloritate
344 2169 440 2233 suaves
451 2169 642 2249 gratiipoffit?

76 2249 225 2326 Asperius,
237 2251 343 2326 inquit,
355 2251 466 2309 locutus
479 2248 517 2310 est
529 2239 633 2326 aliquid
645 2249 802 2328 aliquando.
826 2249 923 2312 Inamd
935 2257 975 2331 33

35 2324 153 2386 sortasse
165 2325 282 2386 liberius.
300 2327 340 2384 At
352 2326 382 2386 id
394 2327 506 2403 ipsum,
521 2327 628 2402 inquit,
642 2345 702 2386 non
715 2325 752 2386 est
765 2328 924 2389 serendum.

34 2403 117 2480 Ergo
130 2404 160 2462 hi
174 2403 280 2464 serendi
292 2402 354 2462 sunt
368 2445 378 2474 ,
404 2405 452 2481 qui
466 2411 634 2520 queruntur,
653 2403 810 2482 libertatem
821 2405 925 2483 equitis

34 2481 166 2540 Romani
178 2481 205 2538 se
226 2481 296 2540 serre
316 2496 376 2538 non
389 2477 481 2557 poffe.
506 2480 620 2540 ubinam
641 2479 688 2538 illc
708 2480 799 2541 mos?
818 2481 866 2541 ubi
877 2481 923 2541 illa
934 2477 1076 2536 1'·⁰⁰¹¹v¹·'

1 2586 3 2592 r
31 2557 157 2634 aequitas
166 2553 253 2632 juris?
273 2553 371 2618 ubiilia
386 2555 627 2634 antiqualibertas,
641 2575 705 2634 quae
714 2555 923 2636 malitopprcffa

28 2649 48 2682 2
56 2633 186 2694 civilibus
199 2633 330 2692 extollere
339 2635 399 2710 jam
413 2648 520 2710 caput„
531 2635 561 2692 δι
573 2633 724 2710 aliquando
736 2650 876 2706 recreata,
895 2635 923 2696 se
933 2649 949 2682 2
961 2634 1058 2694 ¹civibus

26 2712 144 2786 erigere
151 2707 287 2769 debebat?
301 2711 428 2787 equitum
436 2728 490 2788 ego
497 2713 695 2770 Romanorum
710 2713 812 2772 aetiam
827 2715 856 2774 in
869 2713 921 2772 ho-
933 2703 998 2776 ³¹52

32 2785 487 2862 minesuobilissimosm'aledidia,
500 2787 713 2866 publicanorum
728 2791 923 2870 aiinQAEcae·
935 2775 1085 2892 affl&

567 2921 570 2926 .
814 2867 928 2939 volam,

68 2957 109 2997 37·
128 2944 189 2990 Idem
196 2939 266 3008 postea
275 2945 449 3006 praenuntiatis]
470 2940 637 3008 Pantagathus
650 2945 755 2996 correxit
762 2951 923 3011 premandae,

29 2990 85 3054 sive
96 3009 210 3053 manduc.
229 3007 355 3070 sequentia
366 3019 448 3058 autem
460 3007 533 3056 verba
544 3007 580 3056 ita
591 3006 703 3074 legebat:
718 3018 758 3076 u'sc
768 3029 817 3060 cum
827 3009 923 3070 haqne'c

28 3073 83 3120 ulla
95 3072 160 3126 alta,
172 3070 217 3128 fint
226 3074 319 3133 conjeslae
330 3076 356 3120 r'n
367 3077 432 3131 sajus
441 3077 528 3130 vitam,
540 3071 570 3120 'de
579 3077 644 3134 hujus
655 3092 694 3122 vos
717 3078 797 3134 adare,
812 3079 923 3140 religione,

28 3135 304 3196 integritatedubirarisr
337 3134 687 3202 aequevetodupitandume
719 3173 727 3195 ‚
754 3139 925 3206 quinitaleqi

23 3195 127 3254 ¹debeat
139 3196 180 3246 hic
190 3196 269 3252 locus,
286 3200 360 3256 vrfin.
389 3201 462 3262 Postea
471 3206 623 3264 premandatis
634 3204 770 3267 nequiſsent]
797 3205 925 3255 Turnebus

28 3260 140 3318 coniicit
153 3264 251 3325 prataria
269 3265 387 3321 mandatu,
404 3263 478 3330 idque
491 3261 600 3328 sequitur
614 3266 765 3332 Lambinuaa
782 3269 864 3320 minua
880 3285 925 3320 ne·

27 3319 147 3398 cessario.
165 3329 232 3374 Grae.
266 3324 337 3374 Adde
346 3340 446 3386 tamea,
462 3343 515 3394 qua
526 3326 628 3396 reliquit
639 3344 709 3396 pater
720 3333 751 3384 de
761 3333 811 3388 hoc
825 3335 886 3386 loco
897 3338 926 3386 iu

19 3400 104 3446 ,notis
117 3385 150 3435 ad
161 3389 271 3438 Gellium
284 3405 351 3452 tm.
367 3395 465 3442 Gronau.

31 3452 35 3458 '
64 3459 106 3507 38.
127 3459 154 3499 ln
165 3443 354 3517 &canosini
377 3456 425 3516 Qui
437 3455 519 3506 Asiam
533 3470 642 3514 rexerat,
660 3460 685 3508 δι
698 3459 728 3510 ab
740 3463 834 3523 iniuriis
845 3463 928 3530 publi-

24 3529 159 3574 emotum
170 3517 335 3582 provinciales
346 3517 497 3571 defenderat.
506 3537 583 3588 quam
593 3521 626 3572 ob
634 3523 740 3579 “fiam
751 3527 836 3594 postea
848 3529 929 3580 virum

336 3584 431 3635 Maura
447 3599 538 3640 mmm
553 3601 579 3639 tu
596 3605 610 3642 2
847 3593 923 3658 inno:
